@book{wiegers2013software,
  title     = {Best Practises: Software requirements},
  author    = {Wiegers, K. and Beatty, J.},
  year      = {2013},
  publisher = {Microsoft Press}
}

@article{chakraboty2012requirements,
  author  = {Chakraborty, Abhijit and Baowaly, Mrinal and A Aref√≠n, Utsho and Bahar, Ali Newaz},
  year    = 2012,
  pages   = {723--729},
  title   = {The Role of Requirement Engineering in Software Development Life Cycle},
  volume  = {3},
  journal = {Journal of Emerging Trends in Computing and Information Sciences}
}

 @misc{dalgety_2017,
  title        = {Griddler Puzzles and Nonogram Puzzles},
  howpublished = {\url{https://www.puzzlemuseum.com/griddler/gridhist.htm}},
  author       = {Dalgety, James},
  year         = {2017}
}

@book{8559686,
  publisher = {IEEE Std 830-1998},
  title     = {IEEE Recommended Practice for Software Requirements Specifications},
  year      = {1998},
  doi={10.1109/IEEESTD.1998.88286}
}

@mastersthesis{guzman2018impacto,
  title={Impacto de la implementaci{\'o}n del software de gesti{\'o}n para la fase de an{\'a}lisis de requerimientos funcionales en la {C}ooperativa {F}inanciera {A}tuntaqui},
  author={Guzm{\'a}n Chamorro, Eric Daniel},
  year={2018}
}